@inbook{wciom,
	title={Государственная медицина: в погоне за качеством [Электронный ресурс]},
	url="Режим доступа: \url{https://wciom.ru/analytical-reviews/analiticheskii-obzor/gosudarstvennaja-medicina-v-pogone-za-kachestvom}, свободный (дата обращения: 14.04.2023)"
}

@inbook{minsdrav-state,
	title={Рекомендуемые штатные нормативы поликлиники},
	url="Режим доступа: \url{https://base.garant.ru/70195856/f52b32b623103013c77c8c319c288f45/}, свободный (дата обращения: 14.04.2023)"
}

@inbook{carpova,
	title={Введение в базы данных. Учебное пособие},
	author="Карпова, И. П.",
	publisher="--- Москва: Московский государственный институт электроники и математики (Технический университет)",
	year=2009
}

@inbook{carpova-t-s,
	title={Базы данных: модели, разработка, реализация},
	author="Карпова, Т. С.",
	publisher="--- СПб.: Питер",
	year=2001,
	pages=304
}

@inbook{clean-architecture,
	title={Чистая архитектура. Искусство разработки программного обеспечения},
	author="Мартин, Р.",
	publisher="--- СПб.: Питер",
	year=2018,
	pages=352
}

@inbook{client-server,
	title={Архитектура информационных систем: учебное пособие. Ч.1},
	author="Рыбальченко, М. В.",
	publisher="--- Таганрог: Издательство ЮФУ",
	year=2015,
	pages=92
}

@inbook{vk-results,
	title={ВКонтакте: итоги первого квартала 2022 года [Электронный ресурс]},
	url="Режим доступа: \url{https://vk.com/press/q1-2022-results}, свободный (дата обращения: 15.04.2023)"
}

@inbook{rest,
	title={Технологии веб-сервисов},
	author="Дергачев, А. М. and Кореньков, Ю. Д. and Логинов, И. П. and Сафронов, А. Г.",
	publisher="--- СПб.: Университет ИТМО",
	year=2021,
	pages=100
}

@inbook{ts,
	title={TypeScript --- official site [Электронный ресурс]},
	url="Режим доступа: \url{https://www.typescriptlang.org/} (дата обращения: 17.05.2023)"
}

@inbook{js,
	title={JavaScript --- official site [Электронный ресурс]},
	url="Режим доступа: \url{https://www.javascript.com/} (дата обращения: 17.05.2023)"
}

@inbook{ts-vs-js,
	title={Typescript VS Javascript benchmarks [Электронный ресурс]},
	url="Режим доступа: \url{https://programming-language-benchmarks.vercel.app/typescript-vs-javascript} (дата обращения: 17.05.2023)"
}

@inbook{nodejs,
	title={Node.js [Электронный ресурс]},
	url="Режим доступа: \url{https://nodejs.org/} (дата обращения: 17.05.2023)"
}

@inbook{fastify,
	title={Fastify --- official site [Электронный ресурс]},
	url="Режим доступа: \url{https://www.fastify.io/}, свободный (дата обращения: 17.05.2023)"
}

@inbook{fastify-benchmarks,
	title={Fastify Benchmarks --- official site [Электронный ресурс]},
	url="Режим доступа: \url{https://www.fastify.io/benchmarks/} (дата обращения: 17.05.2023)"
}

@inbook{postgres,
	title={PostgreSQL --- official site [Электронный ресурс]},
	url="Режим доступа: \url{https://www.postgresql.org/}, свободный (дата обращения: 17.05.2023)"
}

@inbook{pg-promise,
	title={pg-promise --- Source Code [Электронный ресурс]},
	url="Режим доступа: \url{https://github.com/vitaly-t/pg-promise}, свободный (дата обращения: 17.05.2023)"
}

@inbook{fastapi,
	title={FastAPI --- official site [Электронный ресурс]},
	url="Режим доступа: \url{https://fastapi.tiangolo.com/lo/}, свободный (дата обращения: 17.05.2023)"
}

@inbook{vscode,
	title={Visual Studio Code --- Code Editing. Redefined [Электронный ресурс]},
	url="Режим доступа: \url{https://code.visualstudio.com}, свободный (дата обращения: 17.05.2023)"
}

@inbook{macos,
	title={macOS Ventura --- official site [Электронный ресурс]},
	url="Режим доступа: \url{https://www.apple.com/macos/ventura/}, свободный (дата обращения: 17.05.2023)"
}

@inbook{memory,
	title={LPDDR3 SDRAM Documentation [Электронный ресурс]},
	url="Режим доступа: \url{https://www.micron.com/-/media/client/global/documents/products/data-sheet/dram/mobile-dram/low-power-dram/lpddr3/178b_8-16gb_2c0f_mobile_lpddr3.pdf}, свободный (дата обращения: 17.05.2023)"
}

@inbook{intel,
	title={Процессор Intel Core™ i7-8559U [Электронный ресурс]},
	url="Режим доступа: \url{https://ark.intel.com/content/www/ru/ru/ark/products/137979/intel-core-i78559u-processor-8m-cache-up-to-4-50-ghz.html}, свободный (дата обращения: 17.05.2023)"
}

@inbook{graphics,
	title={Intel Iris Plus Graphics 655 [Электронный ресурс]},
	url="Режим доступа: \url{https://ark.intel.com/content/www/ru/ru/ark/products/graphics/140931/intel-iris-plus-graphics-655.html}, свободный (дата обращения: 17.05.2023)"
}
